@article{Hagengruber2021,
  author  = {Hagengruber, A. and Leipscher, U. and Eskofier, B. M. and Vogel, J.},
  title   = {Electromyography for teleoperated tasks in weightlessness},
  journal = {IEEE Transactions on Human-Machine Systems},
  year    = {2021},
  volume  = {51},
  number  = {2},
  pages   = {130--140},
  doi     = {10.1109/THMS.2020.3045749},
  url     = {https://doi.org/10.1109/THMS.2020.3045749},
  language= {english}
}

@article{Bisi2018,
  author  = {Bisi, S. and De Luca, L. and Shrestha, B. and Yang, Z. and Gandhi, V.},
  title   = {Development of an EMG‐Controlled Mobile Robot},
  journal = {Robotics},
  year    = {2018},
  volume  = {7},
  number  = {3},
  pages   = {36},
  doi     = {10.3390/robotics7030036},
  url     = {https://doi.org/10.3390/robotics7030036},
  language= {english}
}

@article{Zhang2023,
  author  = {Zhang, W. and others},
  title   = {LST-EMG-Net: Long short-term transformer feature fusion network for sEMG gesture recognition},
  journal = {Frontiers in Neurorobotics},
  year    = {2023},
  volume  = {17},
  pages   = {1127338},
  doi     = {10.3389/fnbot.2023.1127338},
  url     = {https://doi.org/10.3389/fnbot.2023.1127338},
  language= {english}
}

@article{Ghorbani2020,
  author  = {Ghorbani, M. and others},
  title   = {Recent Advances in EMG Pattern Recognition for Prosthetic Control},
  journal = {Journal of Biomedical Physics and Engineering},
  year    = {2020},
  volume  = {10},
  number  = {5},
  pages   = {593--606},
  pmid    = {32337178},
  language= {english}
}

@article{Aviles2024,
  author  = {Aviles, M. and Alvarez-Alvarado, J. M. and Robles-Ocampo, J. B. and Sevilla-Camacho, P. Y. and Rodríguez-Reséndiz, J.},
  title   = {Optimizing RNNs for EMG Signal Classification: A Novel Strategy Using Grey Wolf Optimization},
  journal = {Bioengineering},
  year    = {2024},
  volume  = {11},
  number  = {1},
  pages   = {77},
  doi     = {10.3390/bioengineering11010077},
  url     = {https://doi.org/10.3390/bioengineering11010077},
  language= {english}
}

@article{Linderman2009,
  author  = {Linderman, M. and Lebedev, M. A. and Erlichman, J. S.},
  title   = {Recognition of Handwriting from Electromyography},
  journal = {PLoS ONE},
  year    = {2009},
  volume  = {4},
  number  = {8},
  pages   = {e6791},
  doi     = {10.1371/journal.pone.0006791},
  url     = {https://doi.org/10.1371/journal.pone.0006791},
  language= {english}
}

@article{Alkan2023,
  author  = {Alkan, Y.},
  title   = {Classification of EMG signals taken from arm with hybrid CNN–SVM architecture},
  journal = {Concurrency and Computation: Practice and Experience},
  year    = {2023},
  volume  = {35},
  number  = {5},
  pages   = {e6746},
  doi     = {10.1002/cpe.6746},
  url     = {https://doi.org/10.1002/cpe.6746},
  language= {english}
}
